
@article{adibParticipatoryModellingApproach2021,
  title = {A Participatory Modelling Approach for Investigating the Spread of {{COVID-19}} in Countries of the {{Eastern Mediterranean Region}} to Support Public Health Decision-Making},
  author = {Adib, Keyrellous and Hancock, Penelope A. and Rahimli, Aysel and Mugisa, Bridget and Abdulrazeq, Fayez and Aguas, Ricardo and White, Lisa J. and Hajjeh, Rana and Ariqi, Lubna Al and Nabeth, Pierre},
  year = {2021},
  journal = {BMJ Global Health},
  volume = {6},
  number = {3},
  pages = {e005207},
  publisher = {{BMJ Specialist Journals}},
  issn = {2059-7908},
  doi = {10.1136/bmjgh-2021-005207},
  chapter = {Practice},
  pmid = {33762253}
}

@article{adigaAllModelsAre2021,
  title = {All {{Models Are Useful}}: {{Bayesian Ensembling}} for {{Robust High Resolution COVID-19 Forecasting}}},
  author = {Adiga, Aniruddha and Wang, Lijing and Hurt, Benjamin and Peddireddy, Akhil and Porebski, Przemyslaw and Venkatramanan, Srinivasan and Lewis, Bryan and Marathe, Madhav},
  year = {2021},
  journal = {medRxiv},
  pages = {2021.03.12.21253495},
  doi = {10.1101/2021.03.12.21253495},
  pmcid = {PMC7987052},
  pmid = {33758893}
}

@article{aguasModellingCOVID19Pandemic2020,
  title = {Modelling the {{COVID-19}} Pandemic in Context: An International Participatory Approach},
  author = {Aguas, Ricardo and White, Lisa and Hupert, Nathaniel and Shretta, Rima and {Pan-Ngum}, Wirichada and Celhay, Olivier and Moldokmatova, Ainura and Arifi, Fatima and Mirzazadeh, Ali and Sharifi, Hamid and Adib, Keyrellous and Sahak, Mohammad Nadir and Franco, Caroline and Coutinho, Renato},
  year = {2020},
  journal = {BMJ Global Health},
  volume = {5},
  number = {12},
  pages = {e003126},
  publisher = {{BMJ Specialist Journals}},
  issn = {2059-7908},
  doi = {10.1136/bmjgh-2020-003126},
  chapter = {Practice},
  pmid = {33361188}
}

@article{aleneSerialIntervalIncubation2021,
  title = {Serial Interval and Incubation Period of {{COVID-19}}: A Systematic Review and Meta-Analysis},
  author = {Alene, Muluneh and Yismaw, Leltework and Assemie, Moges Agazhe and Ketema, Daniel Bekele and Gietaneh, Wodaje and Birhan, Tilahun Yemanu},
  year = {2021},
  journal = {BMC Infectious Diseases},
  volume = {21},
  number = {1},
  pages = {257},
  issn = {1471-2334},
  doi = {10.1186/s12879-021-05950-x}
}

@article{basshuysenThreeWaysWhich2021,
  title = {Three {{Ways}} in {{Which Pandemic Models May Perform}} a {{Pandemic}}},
  author = {van Basshuysen, Philippe and White, Lucie and Khosrowi, Donal and Frisch, Mathias},
  year = {2021},
  journal = {Erasmus Journal for Philosophy and Economics},
  volume = {14},
  number = {1},
  pages = {110--127-110--127},
  issn = {1876-9098},
  doi = {10.23941/ejpe.v14i1.582}
}

@article{bicherSupportingCOVID19PolicyMaking2021,
  title = {Supporting {{COVID-19 Policy-Making}} with a {{Predictive Epidemiological Multi-Model Warning System}}},
  author = {Bicher, Martin and Zuba, Martin and Rainer, Lukas and Bachner, Florian and Rippinger, Claire and Ostermann, Herwig and Popper, Nikolas and Thurner, Stefan and Klimek, Peter},
  year = {2021},
  journal = {medRxiv},
  pages = {2020.10.18.20214767},
  publisher = {{Cold Spring Harbor Laboratory Press}},
  doi = {10.1101/2020.10.18.20214767}
}

@article{borcheringModelingFutureCOVID192021,
  title = {Modeling of {{Future COVID-19 Cases}}, {{Hospitalizations}}, and {{Deaths}}, by {{Vaccination Rates}} and {{Nonpharmaceutical Intervention Scenarios}} \textemdash{} {{United States}}, {{April}}\textendash{{September}} 2021},
  author = {Borchering, Rebecca K.},
  year = {2021},
  journal = {MMWR. Morbidity and Mortality Weekly Report},
  volume = {70},
  issn = {0149-21951545-861X},
  doi = {10.15585/mmwr.mm7019e3}
}

@article{bracherEvaluatingEpidemicForecasts2021,
  title = {Evaluating Epidemic Forecasts in an Interval Format},
  author = {Bracher, Johannes and Ray, Evan L. and Gneiting, Tilmann and Reich, Nicholas G.},
  year = {2021},
  journal = {PLOS Computational Biology},
  volume = {17},
  number = {2},
  pages = {e1008618},
  publisher = {{Public Library of Science}},
  issn = {1553-7358},
  doi = {10.1371/journal.pcbi.1008618}
}

@misc{bracherGermanPolishCOVID192020,
  title = {The {{German}} and {{Polish COVID-19 Forecast Hub}}},
  author = {Bracher, J. and Wolffram, D. and Deuschel, J. and G{\"o}rgen, K. and Ketterer, J. L. and Gneiting, T. and Schienle, M.},
  year = {2020},
  url = {https://github.com/KITmetricslab/covid19-forecast-hub-de}
}

@misc{bracherNationalSubnationalShortterm2021,
  title = {National and Subnational Short-Term Forecasting of {{COVID-19}} in {{Germany}} and {{Poland}}, Early 2021},
  author = {Bracher, J. and Wolffram, D. and Deuschel, J. and G{\"o}rgen, K. and Ketterer, J. L. and Ullrich, A. and Abbott, S. and Barbarossa, M. V. and Bertsimas, D. and Bhatia, S. and Bodych, M. and Bosse, N. I. and Burgard, J. P. and Fiedler, J. and Fuhrmann, J. and Funk, S. and Gambin, A. and Gogolewski, K. and Heyder, S. and Hotz, T. and Kheifetz, Y. and Kirsten, H. and Krueger, T. and Krymova, E. and Leith{\"a}user, N. and Li, M. L. and Meinke, J. H. and Miasojedow, B. and Mohring, J. and Nouvellet, P. and Nowosielski, J. M. and Ozanski, T. and Radwan, M. and Rakowski, F. and Scholz, M. and Soni, S. and Srivastava, A. and Gneiting, T. and Schienle, M.},
  year = {2021},
  pages = {2021.11.05.21265810},
  institution = {{Cold Spring Harbor Laboratory Press}},
  doi = {10.1101/2021.11.05.21265810}
}

@article{bracherPreregisteredShorttermForecasting2021,
  title = {A Pre-Registered Short-Term Forecasting Study of {{COVID-19}} in {{Germany}} and {{Poland}} during the Second Wave},
  author = {Bracher, J. and Wolffram, D. and Deuschel, J. and G{\"o}rgen, K. and Ketterer, J. L. and Ullrich, A. and Abbott, S. and Barbarossa, M. V. and Bertsimas, D. and Bhatia, S. and Bodych, M. and Bosse, N. I. and Burgard, J. P. and Castro, L. and Fairchild, G. and Fuhrmann, J. and Funk, S. and Gogolewski, K. and Gu, Q. and Heyder, S. and Hotz, T. and Kheifetz, Y. and Kirsten, H. and Krueger, T. and Krymova, E. and Li, M. L. and Meinke, J. H. and Michaud, I. J. and Niedzielewski, K. and O{\.z}a{\'n}ski, T. and Rakowski, F. and Scholz, M. and Soni, S. and Srivastava, A. and Zieli{\'n}ski, J. and Zou, D. and Gneiting, T. and Schienle, M.},
  year = {2021},
  journal = {Nature Communications},
  volume = {12},
  number = {1},
  pages = {5173},
  publisher = {{Nature Publishing Group}},
  issn = {2041-1723},
  doi = {10.1038/s41467-021-25207-0},
  annotation = {Bandiera\_abtest: a Cc\_license\_type: cc\_by Cg\_type: Nature Research Journals Primary\_atype: Research Subject\_term: Computational models;Epidemiology;SARS-CoV-2;Statistics Subject\_term\_id: computational-models;epidemiology;sars-cov-2;statistics}
}

@misc{brooksComparingEnsembleApproaches2020,
  title = {Comparing Ensemble Approaches for Short-Term Probabilistic {{COVID-19}} Forecasts in the {{U}}.{{S}}.},
  author = {Brooks, Logan},
  year = {2020},
  journal = {International Institute of Forecasters},
  url = {https://forecasters.org/blog/2020/10/28/comparing-ensemble-approaches-for-short-term-probabilistic-covid-19-forecasts-in-the-u-s/},
  urldate = {2021-07-15},
  chapter = {Forecasting News}
}

@article{buizzaIntroductionSpecialIssue2019,
  title = {Introduction to the Special Issue on ``25 Years of Ensemble Forecasting''},
  author = {Buizza, Roberto},
  year = {2019},
  journal = {Quarterly Journal of the Royal Meteorological Society},
  volume = {145},
  number = {S1},
  pages = {1--11},
  issn = {1477-870X},
  doi = {10.1002/qj.3370},
  annotation = {\_eprint: https://rmets.onlinelibrary.wiley.com/doi/pdf/10.1002/qj.3370}
}

@misc{cdcCoronavirusDisease20192020,
  title = {Coronavirus {{Disease}} 2019 ({{COVID-19}})},
  author = {CDC},
  year = {2020},
  journal = {Centers for Disease Control and Prevention},
  url = {https://www.cdc.gov/coronavirus/2019-ncov/science/forecasting/forecasting.html},
  urldate = {2022-01-09}
}

@article{cramerEvaluationIndividualEnsemble2021,
  title = {Evaluation of Individual and Ensemble Probabilistic Forecasts of {{COVID-19}} Mortality in the {{US}}},
  author = {Cramer, Estee Y and Ray, Evan L and Lopez, Velma K and Bracher, Johannes and Brennen, Andrea and Rivadeneira, Alvaro J Castro and Gerding, Aaron and Gneiting, Tilmann and House, Katie H and Huang, Yuxin and Jayawardena, Dasuni and Kanji, Abdul H and Khandelwal, Ayush and Le, Khoa and M{\"u}hlemann, Anja and Niemi, Jarad and Shah, Apurv and Stark, Ariane and Wang, Yijin and Wattanachit, Nutcha and Zorn, Martha W and Gu, Youyang and Jain, Sansiddh and Bannur, Nayana and Deva, Ayush and Kulkarni, Mihir and Merugu, Srujana and Raval, Alpan and Shingi, Siddhant and Tiwari, Avtansh and White, Jerome and Woody, Spencer and Dahan, Maytal and Fox, Spencer and Gaither, Kelly and Lachmann, Michael and Meyers, Lauren Ancel and Scott, James G and Tec, Mauricio and Srivastava, Ajitesh and George, Glover E and Cegan, Jeffrey C and Dettwiller, Ian D and England, William P and Farthing, Matthew W and Hunter, Robert H and Lafferty, Brandon and Linkov, Igor and Mayo, Michael L and Parno, Matthew D and Rowland, Michael A and Trump, Benjamin D and Corsetti, Sabrina M and Baer, Thomas M and Eisenberg, Marisa C and Falb, Karl and Huang, Yitao and Martin, Emily T and McCauley, Ella and Myers, Robert L and Schwarz, Tom and Sheldon, Daniel and Gibson, Graham Casey and Yu, Rose and Gao, Liyao and Ma, Yian and Wu, Dongxia and Yan, Xifeng and Jin, Xiaoyong and Wang, Yu-Xiang and Chen, YangQuan and Guo, Lihong and Zhao, Yanting and Gu, Quanquan and Chen, Jinghui and Wang, Lingxiao and Xu, Pan and Zhang, Weitong and Zou, Difan and Biegel, Hannah and Lega, Joceline and Snyder, Timothy L and Wilson, Davison D and McConnell, Steve and Walraven, Robert and Shi, Yunfeng and Ban, Xuegang and Hong, Qi-Jun and Kong, Stanley and Turtle, James A and {Ben-Nun}, Michal and Riley, Pete and Riley, Steven and Koyluoglu, Ugur and DesRoches, David and Hamory, Bruce and Kyriakides, Christina and Leis, Helen and Milliken, John and Moloney, Michael and Morgan, James and Ozcan, Gokce and Schrader, Chris and Shakhnovich, Elizabeth and Siegel, Daniel and Spatz, Ryan and Stiefeling, Chris and Wilkinson, Barrie and Wong, Alexander and Gao, Zhifeng and Bian, Jiang and Cao, Wei and Ferres, Juan Lavista and Li, Chaozhuo and Liu, Tie-Yan and Xie, Xing and Zhang, Shun and Zheng, Shun and Vespignani, Alessandro and Chinazzi, Matteo and Davis, Jessica T and Mu, Kunpeng and y Piontti, Ana Pastore and Xiong, Xinyue and Zheng, Andrew and Baek, Jackie and Farias, Vivek and Georgescu, Andreea and Levi, Retsef and Sinha, Deeksha and Wilde, Joshua and Penna, Nicolas D and Celi, Leo A and Sundar, Saketh and Cavany, Sean and Espa{\~n}a, Guido and Moore, Sean and Oidtman, Rachel and Perkins, Alex and Osthus, Dave and Castro, Lauren and Fairchild, Geoffrey and Michaud, Isaac and Karlen, Dean and Lee, Elizabeth C and Dent, Juan and Grantz, Kyra H and Kaminsky, Joshua and Kaminsky, Kathryn and Keegan, Lindsay T and Lauer, Stephen A and Lemaitre, Joseph C and Lessler, Justin and Meredith, Hannah R and {Perez-Saez}, Javier and Shah, Sam and Smith, Claire P and Truelove, Shaun A and Wills, Josh and Kinsey, Matt and Obrecht, RF and Tallaksen, Katharine and Burant, John C and Wang, Lily and Gao, Lei and Gu, Zhiling and Kim, Myungjin and Li, Xinyi and Wang, Guannan and Wang, Yueying and Yu, Shan and Reiner, Robert C and Barber, Ryan and Gaikedu, Emmanuela and Hay, Simon and Lim, Steve and Murray, Chris and Pigott, David and Prakash, B Aditya and Adhikari, Bijaya and Cui, Jiaming and Rodr{\'i}guez, Alexander and Tabassum, Anika and Xie, Jiajia and Keskinocak, Pinar and Asplund, John and Baxter, Arden and Oruc, Buse Eylul and Serban, Nicoleta and Arik, Sercan O and Dusenberry, Mike and Epshteyn, Arkady and Kanal, Elli and Le, Long T and Li, Chun-Liang and Pfister, Tomas and Sava, Dario and Sinha, Rajarishi and Tsai, Thomas and Yoder, Nate and Yoon, Jinsung and Zhang, Leyou and Abbott, Sam and Bosse, Nikos I and Funk, Sebastian and Hellewel, Joel and Meakin, Sophie R and Munday, James D and Sherratt, Katherine and Zhou, Mingyuan and Kalantari, Rahi and Yamana, Teresa K and Pei, Sen and Shaman, Jeffrey and Ayer, Turgay and Adee, Madeline and Chhatwal, Jagpreet and Dalgic, Ozden O and Ladd, Mary A and Linas, Benjamin P and Mueller, Peter and Xiao, Jade and Li, Michael L and Bertsimas, Dimitris and Lami, Omar Skali and Soni, Saksham and Bouardi, Hamza Tazi and Wang, Yuanjia and Wang, Qinxia and Xie, Shanghong and Zeng, Donglin and Green, Alden and Bien, Jacob and Hu, Addison J and Jahja, Maria and Narasimhan, Balasubramanian and Rajanala, Samyak and Rumack, Aaron and Simon, Noah and Tibshirani, Ryan and Tibshirani, Rob and Ventura, Valerie and Wasserman, Larry and O'Dea, Eamon B and Drake, John M and Pagano, Robert and Walker, Jo W and Slayton, Rachel B and Johansson, Michael and Biggerstaff, Matthew and Reich, Nicholas G},
  year = {2021},
  journal = {medRxiv},
  pages = {2021.02.03.21250974},
  doi = {10.1101/2021.02.03.21250974}
}

@article{cramerReichlabCovid19forecasthubRelease2021,
  title = {Reichlab/Covid19-Forecast-Hub: Release for {{Zenodo}}, 20210816},
  author = {Cramer, Estee and Wang, Serena Yijin and Reich, Nicholas G. and Hannan, Abdul and Niemi, Jarad and House, Katie and Huang, Yuxin David and Stark, Ariane and Ray, Evan and Xie, Shanghong and {al}, et},
  year = {2021},
  publisher = {{Zenodo}},
  doi = {10.5281/zenodo.5208210}
}

@article{dongInteractiveWebbasedDashboard2020,
  title = {An Interactive Web-Based Dashboard to Track {{COVID-19}} in Real Time},
  author = {Dong, Ensheng and Du, Hongru and Gardner, Lauren},
  year = {2020},
  journal = {The Lancet Infectious Diseases},
  volume = {20},
  number = {5},
  pages = {533--534},
  publisher = {{Elsevier}},
  issn = {1473-3099, 1474-4457},
  doi = {10.1016/S1473-3099(20)30120-1},
  pmid = {32087114}
}

@misc{epiforecastsProjectECDCEuropean2021,
  title = {Project: {{ECDC European COVID-19 Forecast Hub}} - {{Zoltar}}},
  author = {{EpiForecasts}},
  year = {2021},
  url = {https://www.zoltardata.com/project/238}
}

@techreport{europeancentrefordiseasepreventionandcontrolInterimGuidanceBenefits2021,
  title = {Interim Guidance on the Benefits of Full Vaccination against {{COVID-19}} for Transmission and Implications for Non-Pharmaceutical Interventions - 21 {{April}} 2021},
  author = {{European Centre for Disease Prevention and Control}},
  year = {2021},
  address = {{Stockholm}},
  institution = {{ECDC}},
  url = {https://www.ecdc.europa.eu/en/publications-data/interim-guidance-benefits-full-vaccination-against-covid-19-transmission}
}

@techreport{europeancentrefordiseasepreventionandcontrolOverviewImplementationCOVID192021,
  title = {Overview of the Implementation of {{COVID-19}} Vaccination Strategies and Deployment Plans in the {{EU}}/{{EEA}}},
  author = {{European Centre for Disease Prevention and Control}},
  year = {2021},
  address = {{Stockholm}},
  institution = {{ECDC}},
  url = {https://www.ecdc.europa.eu/en/publications-data/overview-implementation-covid-19-vaccination-strategies-and-deployment-plans}
}

@techreport{europeancentrefordiseasepreventionandcontrolThreatAssessmentBrief2021,
  title = {Threat {{Assessment Brief}}: {{Implications}} for the {{EU}}/{{EEA}} on the Spread of the {{SARS-CoV-2 Delta}} ({{B}}.1.617.2) Variant of Concern},
  author = {{European Centre for Disease Prevention and Control}},
  year = {2021},
  address = {{Stockholm}},
  institution = {{ECDC}},
  url = {https://www.ecdc.europa.eu/en/publications-data/threat-assessment-emergence-and-impact-sars-cov-2-delta-variant}
}

@misc{europeancovid-19forecasthubCovid19forecasthubeuropeWiki,
  title = {Covid19-Forecast-Hub-Europe: {{Wiki}}},
  author = {{European Covid-19 Forecast Hub}},
  journal = {GitHub},
  url = {https://github.com/covid19-forecast-hub-europe/covid19-forecast-hub-europe}
}

@misc{europeancovid-19forecasthubEuropeanCovid19Forecast,
  title = {European {{Covid-19 Forecast Hub}}},
  author = {{European Covid-19 Forecast Hub}},
  url = {https://covid19forecasthub.eu/index.html}
}

@misc{europeancovid-19forecasthubEuropeanCOVID19Forecast2021,
  title = {European {{COVID-19 Forecast Hub}}},
  author = {{European Covid-19 Forecast Hub}},
  year = {2021},
  url = {https://github.com/covid19-forecast-hub-europe/covid19-forecast-hub-europe},
  howpublished = {covid19-forecast-hub-europe}
}

@article{friedmanPredictivePerformanceInternational2021,
  title = {Predictive Performance of International {{COVID-19}} Mortality Forecasting Models},
  author = {Friedman, Joseph and Liu, Patrick and Troeger, Christopher E. and Carter, Austin and Reiner, Robert C. and Barber, Ryan M. and Collins, James and Lim, Stephen S. and Pigott, David M. and Vos, Theo and Hay, Simon I. and Murray, Christopher J. L. and Gakidou, Emmanuela},
  year = {2021},
  journal = {Nature Communications},
  volume = {12},
  number = {1},
  pages = {2609},
  publisher = {{Nature Publishing Group}},
  issn = {2041-1723},
  doi = {10.1038/s41467-021-22457-w},
  annotation = {Bandiera\_abtest: a Cc\_license\_type: cc\_by Cg\_type: Nature Research Journals Primary\_atype: Research Subject\_term: Infectious diseases;Research data Subject\_term\_id: infectious-diseases;research-data}
}

@article{funkShorttermForecastsInform2020,
  title = {Short-Term Forecasts to Inform the Response to the {{Covid-19}} Epidemic in the {{UK}}},
  author = {Funk, S. and Abbott, S. and Atkins, B. D. and Baguelin, M. and Baillie, J. K. and Birrell, P. and Blake, J. and Bosse, N. I. and Burton, J. and Carruthers, J. and Davies, N. G. and Angelis, D. De and Dyson, L. and Edmunds, W. J. and Eggo, R. M. and Ferguson, N. M. and Gaythorpe, K. and Gorsich, E. and {Guyver-Fletcher}, G. and Hellewell, J. and Hill, E. M. and Holmes, A. and House, T. A. and Jewell, C. and Jit, M. and Jombart, T. and Joshi, I. and Keeling, M. J. and Kendall, E. and Knock, E. S. and Kucharski, A. J. and Lythgoe, K. A. and Meakin, S. R. and Munday, J. D. and Openshaw, P. J. M. and Overton, C. E. and Pagani, F. and Pearson, J. and {Perez-Guzman}, P. N. and Pellis, L. and Scarabel, F. and Semple, M. G. and Sherratt, K. and Tang, M. and Tildesley, M. J. and Leeuwen, E. Van and Whittles, L. K. and Group, CMMID COVID-19 Working and Team, Imperial College COVID-19 Response and Investigators, Isaric4c},
  year = {2020},
  journal = {medRxiv},
  pages = {2020.11.11.20220962},
  publisher = {{Cold Spring Harbor Laboratory Press}},
  doi = {10.1101/2020.11.11.20220962}
}

@article{genestVincentizationRevisited1992,
  title = {Vincentization {{Revisited}}},
  author = {Genest, Christian},
  year = {1992},
  journal = {The Annals of Statistics},
  volume = {20},
  number = {2},
  pages = {1137--1142},
  publisher = {{Institute of Mathematical Statistics}},
  issn = {0090-5364},
  url = {https://www.jstor.org/stable/2242003},
  urldate = {2022-01-09}
}

@article{gneitingStrictlyProperScoring2007,
  title = {Strictly {{Proper Scoring Rules}}, {{Prediction}}, and {{Estimation}}},
  author = {Gneiting, Tilmann and Raftery, Adrian E},
  year = {2007},
  journal = {Journal of the American Statistical Association},
  volume = {102},
  number = {477},
  pages = {359--378},
  issn = {0162-1459, 1537-274X},
  doi = {10.1198/016214506000001437}
}

@article{jamesUseMisuseMathematical2021,
  title = {The {{Use}} and {{Misuse}} of {{Mathematical Modeling}} for {{Infectious Disease Policymaking}}: {{Lessons}} for the {{COVID-19 Pandemic}}},
  author = {James, Lyndon P. and Salomon, Joshua A. and Buckee, Caroline O. and Menzies, Nicolas A.},
  year = {2021},
  journal = {Medical Decision Making},
  volume = {41},
  number = {4},
  pages = {379--385},
  publisher = {{SAGE Publications Inc STM}},
  issn = {0272-989X},
  doi = {10.1177/0272989X21990391}
}

@article{jewellPredictiveMathematicalModels2020,
  title = {Predictive {{Mathematical Models}} of the {{COVID-19 Pandemic}}: {{Underlying Principles}} and {{Value}} of {{Projections}}},
  author = {Jewell, Nicholas P. and Lewnard, Joseph A. and Jewell, Britta L.},
  year = {2020},
  journal = {JAMA},
  volume = {323},
  number = {19},
  pages = {1893--1894},
  issn = {0098-7484},
  doi = {10.1001/jama.2020.6585}
}

@article{johanssonOpenChallengeAdvance2019,
  title = {An Open Challenge to Advance Probabilistic Forecasting for Dengue Epidemics},
  author = {Johansson, Michael A. and Apfeldorf, Karyn M. and Dobson, Scott and Devita, Jason and Buczak, Anna L. and Baugher, Benjamin and Moniz, Linda J. and Bagley, Thomas and Babin, Steven M. and Guven, Erhan and Yamana, Teresa K. and Shaman, Jeffrey and Moschou, Terry and Lothian, Nick and Lane, Aaron and Osborne, Grant and Jiang, Gao and Brooks, Logan C. and Farrow, David C. and Hyun, Sangwon and Tibshirani, Ryan J. and Rosenfeld, Roni and Lessler, Justin and Reich, Nicholas G. and Cummings, Derek A. T. and Lauer, Stephen A. and Moore, Sean M. and Clapham, Hannah E. and Lowe, Rachel and Bailey, Trevor C. and {Garc{\'i}a-D{\'i}ez}, Markel and Carvalho, Marilia S{\'a} and Rod{\'o}, Xavier and Sardar, Tridip and Paul, Richard and Ray, Evan L. and Sakrejda, Krzysztof and Brown, Alexandria C. and Meng, Xi and Osoba, Osonde and Vardavas, Raffaele and Manheim, David and Moore, Melinda and Rao, Dhananjai M. and Porco, Travis C. and Ackley, Sarah and Liu, Fengchen and Worden, Lee and Convertino, Matteo and Liu, Yang and Reddy, Abraham and Ortiz, Eloy and Rivero, Jorge and Brito, Humberto and Juarrero, Alicia and Johnson, Leah R. and Gramacy, Robert B. and Cohen, Jeremy M. and Mordecai, Erin A. and Murdock, Courtney C. and Rohr, Jason R. and Ryan, Sadie J. and {Stewart-Ibarra}, Anna M. and Weikel, Daniel P. and Jutla, Antarpreet and Khan, Rakibul and Poultney, Marissa and Colwell, Rita R. and {Rivera-Garc{\'i}a}, Brenda and Barker, Christopher M. and Bell, Jesse E. and Biggerstaff, Matthew and Swerdlow, David and {Mier-y-Teran-Romero}, Luis and Forshey, Brett M. and Trtanj, Juli and Asher, Jason and Clay, Matt and Margolis, Harold S. and Hebbeler, Andrew M. and George, Dylan and Chretien, Jean-Paul},
  year = {2019},
  journal = {Proceedings of the National Academy of Sciences},
  volume = {116},
  number = {48},
  pages = {24268--24274},
  publisher = {{National Academy of Sciences}},
  issn = {0027-8424, 1091-6490},
  doi = {10.1073/pnas.1909865116},
  chapter = {Biological Sciences},
  pmid = {31712420}
}

@article{moranEpidemicForecastingMessier2016,
  title = {Epidemic {{Forecasting}} Is {{Messier Than Weather Forecasting}}: {{The Role}} of {{Human Behavior}} and {{Internet Data Streams}} in {{Epidemic Forecast}}},
  author = {Moran, Kelly R. and Fairchild, Geoffrey and Generous, Nicholas and Hickmann, Kyle and Osthus, Dave and Priedhorsky, Reid and Hyman, James and Del Valle, Sara Y.},
  year = {2016},
  journal = {The Journal of Infectious Diseases},
  volume = {214},
  number = {suppl\_4},
  pages = {S404-S408},
  issn = {1537-6613},
  doi = {10.1093/infdis/jiw375},
  pmcid = {PMC5181546},
  pmid = {28830111}
}

@misc{nikosibosseScoringutilsUtilitiesScoring2020,
  title = {Scoringutils: {{Utilities}} for {{Scoring}} and {{Assessing Predictions}}},
  author = {{Nikos I Bosse} and {Sam Abbott} and {EpiForecasts} and {Sebastian Funk}},
  year = {2020},
  url = {https://github.com/epiforecasts/scoringutils}
}

@misc{rayChallengesTrainingEnsembles2021,
  title = {Challenges in Training Ensembles to Forecast {{COVID-19}} Cases and Deaths in the {{United States}}},
  author = {Ray, Evan},
  year = {2021},
  journal = {International Institute of Forecasters},
  url = {https://forecasters.org/blog/2021/04/09/challenges-in-training-ensembles-to-forecast-covid-19-cases-and-deaths-in-the-united-states/},
  urldate = {2021-08-05},
  chapter = {Forecasting News}
}

@misc{rayEnsembleForecastsCoronavirus2020e,
  title = {Ensemble {{Forecasts}} of {{Coronavirus Disease}} 2019 ({{COVID-19}}) in the {{U}}.{{S}}.},
  author = {Ray, Evan L. and Wattanachit, Nutcha and Niemi, Jarad and Kanji, Abdul Hannan and House, Katie and Cramer, Estee Y. and Bracher, Johannes and Zheng, Andrew and Yamana, Teresa K. and Xiong, Xinyue and Woody, Spencer and Wang, Yuanjia and Wang, Lily and Walraven, Robert L. and Tomar, Vishal and Sherratt, Katharine and Sheldon, Daniel and Reiner, Robert C. and Prakash, B. Aditya and Osthus, Dave and Li, Michael Lingzhi and Lee, Elizabeth C. and Koyluoglu, Ugur and Keskinocak, Pinar and Gu, Youyang and Gu, Quanquan and George, Glover E. and Espa{\~n}a, Guido and Corsetti, Sabrina and Chhatwal, Jagpreet and Cavany, Sean and Biegel, Hannah and {Ben-Nun}, Michal and Walker, Jo and Slayton, Rachel and Lopez, Velma and Biggerstaff, Matthew and Johansson, Michael A. and Reich, Nicholas G. and Consortium, on behalf of the COVID-19 Forecast Hub},
  year = {2020},
  pages = {2020.08.19.20177493},
  institution = {{Cold Spring Harbor Laboratory Press}},
  doi = {10.1101/2020.08.19.20177493}
}

@article{reichAccuracyRealtimeMultimodel2019,
  title = {Accuracy of Real-Time Multi-Model Ensemble Forecasts for Seasonal Influenza in the {{U}}.{{S}}},
  author = {Reich, Nicholas G. and McGowan, Craig J. and Yamana, Teresa K. and Tushar, Abhinav and Ray, Evan L. and Osthus, Dave and Kandula, Sasikiran and Brooks, Logan C. and {Crawford-Crudell}, Willow and Gibson, Graham Casey and Moore, Evan and Silva, Rebecca and Biggerstaff, Matthew and Johansson, Michael A. and Rosenfeld, Roni and Shaman, Jeffrey},
  year = {2019},
  journal = {PLoS computational biology},
  volume = {15},
  number = {11},
  pages = {e1007486},
  issn = {1553-7358},
  doi = {10.1371/journal.pcbi.1007486},
  pmcid = {PMC6897420},
  pmid = {31756193}
}

@article{reichCollaborativeMultiyearMultimodel2019,
  title = {A Collaborative Multiyear, Multimodel Assessment of Seasonal Influenza Forecasting in the {{United States}}},
  author = {Reich, Nicholas G. and Brooks, Logan C. and Fox, Spencer J. and Kandula, Sasikiran and McGowan, Craig J. and Moore, Evan and Osthus, Dave and Ray, Evan L. and Tushar, Abhinav and Yamana, Teresa K. and Biggerstaff, Matthew and Johansson, Michael A. and Rosenfeld, Roni and Shaman, Jeffrey},
  year = {2019},
  journal = {Proceedings of the National Academy of Sciences},
  volume = {116},
  number = {8},
  pages = {3146--3154},
  publisher = {{National Academy of Sciences}},
  issn = {0027-8424, 1091-6490},
  doi = {10.1073/pnas.1812594116},
  chapter = {PNAS Plus},
  pmid = {30647115}
}

@article{reichZoltarForecastArchive2021,
  title = {The {{Zoltar}} Forecast Archive, a Tool to Standardize and Store Interdisciplinary Prediction Research},
  author = {Reich, Nicholas G. and Cornell, Matthew and Ray, Evan L. and House, Katie and Le, Khoa},
  year = {2021},
  journal = {Scientific Data},
  volume = {8},
  number = {1},
  pages = {59},
  publisher = {{Nature Publishing Group}},
  issn = {2052-4463},
  doi = {10.1038/s41597-021-00839-5},
  annotation = {Bandiera\_abtest: a Cc\_license\_type: cc\_by Cg\_type: Nature Research Journals Primary\_atype: Research Subject\_term: Databases;Infectious diseases Subject\_term\_id: databases;infectious-diseases}
}

@article{taylorCombiningProbabilisticForecasts2021,
  title = {Combining {{Probabilistic Forecasts}} of {{COVID-19 Mortality}} in the {{United States}}},
  author = {Taylor, James W. and Taylor, Kathryn S.},
  year = {2021},
  journal = {European Journal of Operational Research},
  issn = {0377-2217},
  doi = {10.1016/j.ejor.2021.06.044},
  pmcid = {PMC8236414},
  pmid = {34219901}
}

@article{viboudRAPIDDEbolaForecasting2018,
  title = {The {{RAPIDD}} Ebola Forecasting Challenge: {{Synthesis}} and Lessons Learnt},
  author = {Viboud, C{\'e}cile and Sun, Kaiyuan and Gaffey, Robert and Ajelli, Marco and Fumanelli, Laura and Merler, Stefano and Zhang, Qian and Chowell, Gerardo and Simonsen, Lone and Vespignani, Alessandro},
  year = {2018},
  journal = {Epidemics},
  series = {The {{RAPIDD Ebola Forecasting Challenge}}},
  volume = {22},
  pages = {13--21},
  issn = {1755-4365},
  doi = {10.1016/j.epidem.2017.08.002}
}

@article{wangReichlabCovidHubUtilsRepository2021,
  title = {Reichlab/{{covidHubUtils}}: Repository Release for {{Zenodo}}},
  author = {Wang, Serena Yijin and Stark, Ariane and Ray, Evan and Bosse, Nikos and Reich, Nicholas G. and Sherratt, Kath and Shah, Apurv and Wattanachit, Nutcha and {Khoale1096} and Huang, Yuxin David and {al}, et},
  year = {2021},
  publisher = {{Zenodo}},
  doi = {10.5281/zenodo.5207940}
}

@article{zelnerAccountingUncertaintyPandemic2021,
  title = {Accounting for Uncertainty during a Pandemic},
  author = {Zelner, Jon and Riou, Julien and Etzioni, Ruth and Gelman, Andrew},
  year = {2021},
  journal = {Patterns},
  volume = {2},
  number = {8},
  publisher = {{Elsevier}},
  issn = {2666-3899},
  doi = {10.1016/j.patter.2021.100310}
}


